@misc{P2165R2,
	author = "Corentin Jabot",
	title = "{P2165R2}: Compatibility between \tcode{tuple}, \tcode{pair} and \placeholder{tuple-like} objects",
	howpublished = "\url{https://wg21.link/p2165r2}",
	year = 2021,
	month = 6,
	publisher = "WG21"
}
@misc{P2164R5,
	author = "Corentin Jabot",
	title = "{P2164R5}: views::enumerate",
	howpublished = "\url{https://wg21.link/p2164r5}",
	year = 2021,
	month = 6,
	publisher = "WG21"
}